<record><leader>00982cam a2200277 a 4500</leader><controlfield tag="001">1297008</controlfield><controlfield tag="008">900705s1985    dcu               0 eng c</controlfield><datafield ind1=" " ind2=" " tag="035"><subfield code="a">ocm70302273</subfield></datafield><datafield ind1=" " ind2=" " tag="040"><subfield code="b">eng</subfield></datafield><datafield ind1=" " ind2=" " tag="049"><subfield code="a">AEU</subfield><subfield code="b">eng</subfield></datafield><datafield ind1=" " ind2="3" tag="055"><subfield code="a">PR 9340</subfield><subfield code="b">A625 1985</subfield></datafield><datafield ind1="0" ind2=" " tag="090"><subfield code="a">PR 9340 A625 1985</subfield></datafield><datafield ind1="0" ind2="0" tag="245"><subfield code="a">African literature.</subfield></datafield><datafield ind1=" " ind2=" " tag="260"><subfield code="a">Washington, D.C. :</subfield><subfield code="b">Heldref Publications,</subfield><subfield code="c">c1985.</subfield></datafield><datafield ind1=" " ind2=" " tag="300"><subfield code="a">p. 51-132 ;</subfield><subfield code="c">28 cm.</subfield></datafield><datafield ind1=" " ind2=" " tag="336"><subfield code="a">text</subfield><subfield code="b">txt</subfield><subfield code="2">rdacontent</subfield></datafield><datafield ind1=" " ind2=" " tag="337"><subfield code="a">unmediated</subfield><subfield code="b">n</subfield><subfield code="2">rdamedia</subfield></datafield><datafield ind1=" " ind2=" " tag="338"><subfield code="a">volume</subfield><subfield code="b">nc</subfield><subfield code="2">rdacarrier</subfield></datafield><datafield ind1=" " ind2=" " tag="500"><subfield code="a">Editor: Boniface I. Obichere.</subfield></datafield><datafield ind1=" " ind2=" " tag="500"><subfield code="a">Issued as: Journal of African studies, v. 12, no. 2, summer 1985.</subfield></datafield><datafield ind1=" " ind2=" " tag="596"><subfield code="a">43</subfield></datafield><datafield ind1=" " ind2="0" tag="650"><subfield code="a">African literature (English)</subfield><subfield code="x">History and criticism.</subfield></datafield><datafield ind1=" " ind2="0" tag="650"><subfield code="a">African literature</subfield><subfield code="x">History and criticism.</subfield></datafield><datafield ind1="1" ind2=" " tag="700"><subfield code="a">Obichere, Boniface I.</subfield></datafield><datafield ind1="0" ind2=" " tag="730"><subfield code="a">Journal of African studies.</subfield></datafield><datafield ind1=" " ind2=" " tag="926"><subfield code="a">PR 9340 A625 1985</subfield><subfield code="w">LC</subfield><subfield code="c">1</subfield><subfield code="i">000032996167</subfield><subfield code="d">4/11/2006</subfield><subfield code="e">4/6/2006</subfield><subfield code="l">ON_SHELF</subfield><subfield code="m">UAHSS</subfield><subfield code="n">12</subfield><subfield code="p">$150.00</subfield><subfield code="r">Y</subfield><subfield code="s">Y</subfield><subfield code="t">BOOK</subfield><subfield code="u">12/1/1992</subfield></datafield></record>